@Article{Shihab2023BaDLADAL,
 author = {Md. Istiak Hossain Shihab and Md. Rakibul Hasan and Mahfuzur Rahman Emon and Syed Mobassir Hossen and Md. Nazmuddoha Ansary and Intesur Ahmed and Fazle Rakib and Shahriar Elahi Dhruvo and Souhardya Saha Dip and Akib Hasan Pavel and Marsia Haque Meghla and Md. Rezwanul Haque1 and Sayma Sultana Chowdhury and Farig Sadeque and Tahsin Reasat and Ahmed Imtiaz Humayun and Asif Sushmit},
 booktitle = {IEEE International Conference on Document Analysis and Recognition},
 pages = {326-341},
 title = {BaDLAD: A Large Multi-Domain Bengali Document Layout Analysis Dataset},
 year = {2023}
}


@Article{Sarvadevabhatla2020PictionaryStyleWG,
 author = {Ravi Kiran Sarvadevabhatla and Shiv Surya and Trisha Mittal and R. Venkatesh Babu},
 booktitle = {IEEE Transactions on Pattern Analysis and Machine Intelligence},
 journal = {IEEE Transactions on Pattern Analysis and Machine Intelligence},
 pages = {221-231},
 title = {Pictionary-Style Word Guessing on Hand-Drawn Object Sketches: Dataset, Analysis and Deep Network Models},
 volume = {42},
 year = {2020}
}


@Article{Zhong2019PubLayNetLD,
 author = {Xu Zhong and Jianbin Tang and Antonio Jimeno-Yepes},
 booktitle = {IEEE International Conference on Document Analysis and Recognition},
 journal = {2019 International Conference on Document Analysis and Recognition (ICDAR)},
 pages = {1015-1022},
 title = {PubLayNet: Largest Dataset Ever for Document Layout Analysis},
 year = {2019}
}


@Article{Tommasi2014ATF,
 author = {T. Tommasi and T. Tuytelaars and B. Caputo},
 booktitle = {ECCV Workshops},
 journal = {ArXiv},
 title = {A Testbed for Cross-Dataset Analysis},
 volume = {abs/1402.5923},
 year = {2014}
}


@Article{Gobbi2021AntibodyRT,
 author = {F. Gobbi and D. Buonfrate and L. Moro and P. Rodari and C. Piubelli and S. Caldrer and S. Riccetti and A. Sinigaglia and L. Barzon},
 booktitle = {Viruses},
 journal = {Viruses},
 title = {Antibody Response to the BNT162b2 mRNA COVID-19 Vaccine in Subjects with Prior SARS-CoV-2 Infection},
 volume = {13},
 year = {2021}
}


@Article{Kalervo2019CubiCasa5KAD,
 author = {Ahti Kalervo and Juha Ylioinas and Markus Hiki and Antti Karhu and Juho Kannala},
 booktitle = {Scandinavian Conference on Image Analysis},
 pages = {28-40},
 title = {CubiCasa5K: A Dataset and an Improved Multi-Task Model for Floorplan Image Analysis},
 year = {2019}
}


@Article{Vishnoi2023SeverityAO,
 author = {Jagdish Vishnoi and Rajendra Kumar Sharma and Japan Patel and Jagdish Chandra Sharma and K. Sharma and Urvansh Mehta},
 booktitle = {Journal of Medicine and Life},
 journal = {Journal of Medicine and Life},
 pages = {782 - 793},
 title = {Severity and Outcome of Post-Vaccine COVID-19 among Healthcare Workers in a University Hospital in India},
 volume = {16},
 year = {2023}
}


@Inproceedings{Bernal2021EarlyEO,
 author = {J. L. Bernal and N. Andrews and C. Gower and J. Stowe and C. Robertson and E. Tessier and R. Simmons and S. Cottrell and R. Roberts and M. ODoherty and K. Brown and C. Cameron and D. Stockton and J. McMenamin and M. Ramsay},
 booktitle = {medRxiv},
 title = {Early effectiveness of COVID-19 vaccination with BNT162b2 mRNA vaccine and ChAdOx1 adenovirus vector vaccine on symptomatic disease, hospitalisations and mortality in older adults in England},
 year = {2021}
}


@Article{Haas2021ImpactAE,
 author = {Eric J Haas and F. Angulo and J. McLaughlin and E. Anis and S. Singer and F. Khan and Nati Brooks and M. Smaja and G. Mircus and K. Pan and J. Southern and D. Swerdlow and L. Jodar and Y. Levy and S. alroy-Preis},
 booktitle = {The Lancet},
 journal = {Lancet (London, England)},
 pages = {1819 - 1829},
 title = {Impact and effectiveness of mRNA BNT162b2 vaccine against SARS-CoV-2 infections and COVID-19 cases, hospitalisations, and deaths following a nationwide vaccination campaign in Israel: an observational study using national surveillance data},
 volume = {397},
 year = {2021}
}


@Article{Hall2022ProtectionAS,
 author = {Victoria G Hall and S. Foulkes and F. Insalata and P. Kirwan and A. Saei and A. Atti and E. Wellington and J. Khawam and K. Munro and M. Cole and Caio Tranquillini and Andrew Taylor-Kerr and N. Hettiarachchi and D. Calbraith and N. Sajedi and I. Milligan and Y. Themistocleous and D. Corrigan and L. Cromey and L. Price and Sarah Stewart and E. de Lacy and C. Norman and E. Linley and A. Otter and A. Semper and J. Hewson and S. DArcangelo and M. Chand and C. Brown and T. Brooks and J. Islam and A. Charlett and S. Hopkins},
 booktitle = {New England Journal of Medicine},
 journal = {The New England Journal of Medicine},
 title = {Protection against SARS-CoV-2 after Covid-19 Vaccination and Previous Infection},
 year = {2022}
}


@Article{Crawford2020DynamicsON,
 author = {K. H. Crawford and A. Dingens and Rachel T. Eguia and C. Wolf and Naomi C Wilcox and J. Logue and Kiel Shuey and A. Casto and B. Fiala and Samuel Wrenn and D. Pettie and N. King and H. Chu and Jesse D. Bloom},
 booktitle = {medRxiv},
 journal = {medRxiv},
 title = {Dynamics of neutralizing antibody titers in the months after SARS-CoV-2 infection},
 year = {2020}
}


@Article{Nunes2022SARSCoV2OS,
 author = {M. Nunes and Sthembile Mbotwe-Sibanda and V. Baillie and G. Kwatra and R. guas and S. Madhi and On Behalf Of The Wits Vida Hcw Study Group},
 booktitle = {medRxiv},
 journal = {Vaccines},
 title = {SARS-CoV-2 Omicron Symptomatic Infections in Previously Infected or Vaccinated South African Healthcare Workers},
 volume = {10},
 year = {2022}
}


@Article{Muslimovic2005CognitivePO,
 author = {D. Muslimovic and B. Post and J. Speelman and B. Schmand},
 booktitle = {Neurology},
 journal = {Neurology},
 pages = {1239 - 1245},
 title = {Cognitive profile of patients with newly diagnosed Parkinson disease},
 volume = {65},
 year = {2005}
}


@Article{Suryawanshi2022LimitedCI,
 author = {R. Suryawanshi and I. Chen and T. Ma and A. M. Syed and C. Simoneau and A. Ciling and M. Khalid and B. Sreekumar and P.-Y. Chen and A. George and G. R. Kumar and M. Montano and M. Garcia-Knight and N. Brazer and P. Saldhi and A. Sotomayor-Gonzlez and V. Servellita and A. Gliwa and J. Nguyen and I. Silva and B. Milbes and N. Kojima and V. Hess and M. Shacreaw and L. Lopez and M. Brobeck and F. Turner and F. Soveg and X. Fang and M. Maishan and M. Matthay and M. Morris and D. Wadford and C. Hanson and W. Greene and R. Andino and L. Spraggon and N. Roan and C. Chiu and J. Doudna and M. Ott},
 booktitle = {medRxiv},
 journal = {medRxiv : the preprint server for health sciences},
 title = {Limited cross-variant immunity after infection with the SARS-CoV-2 Omicron variant without vaccination},
 year = {2022}
}


@Article{Ehring2008DoCM,
 author = {T. Ehring and A. Ehlers and E. Glucksman},
 booktitle = {Journal of Consulting and Clinical Psychology},
 journal = {Journal of Consulting and Clinical Psychology},
 pages = {219 - 230},
 title = {Do Cognitive Models Help in Predicting the Severity of Posttraumatic Stress Disorder, Phobia, and Depression After Motor Vehicle Accidents? A Prospective Longitudinal Study},
 volume = {76},
 year = {2008}
}


@Article{Dagan2021BNT162b2MC,
 author = {N. Dagan and Noam Barda and Eldad Kepten and O. Miron and Shay Perchik and M. Katz and M. Hernn and M. Lipsitch and B. Reis and R. Balicer},
 booktitle = {New England Journal of Medicine},
 journal = {The New England Journal of Medicine},
 title = {BNT162b2 mRNA Covid-19 Vaccine in a Nationwide Mass Vaccination Setting},
 year = {2021}
}


@Article{Gaebler2021EvolutionOA,
 author = {C. Gaebler and Zijun Wang and Julio C. C. Lorenzi and F. Muecksch and Shlomo Finkin and M. Tokuyama and A. Cho and M. Jankovic and Dennis J. Schaefer-Babajew and Thiago Y. Oliveira and M. Cipolla and Charlotte Viant and C. Barnes and Y. Bram and Galle Breton and Thomas Hgglf and Pilar Mendoza and A. Hurley and Martina Turroja and Kristie M Gordon and Katrina G. Millard and Victor Ramos and F. Schmidt and Y. Weisblum and D. Jha and M. Tankelevich and G. Martnez-Delgado and J. Yee and R. Patel and Juan P Dizon and Cecille Unson-OBrien and I. Shimeliovich and D. Robbiani and Zhen Zhao and A. Gazumyan and R. Schwartz and T. Hatziioannou and P. Bjorkman and S. Mehandru and P. Bieniasz and M. Caskey and M. Nussenzweig},
 booktitle = {Nature},
 journal = {Nature},
 pages = {639 - 644},
 title = {Evolution of antibody immunity to SARS-CoV-2},
 volume = {591},
 year = {2021}
}


@Article{Naaijen2017GlutamatergicAG,
 author = {J. Naaijen and J. Bralten and G. Poelmans and Stephen Philip Tobias Jan Barbara Richard Michael Ana Robe Faraone Asherson Banaschewski Buitelaar Franke P E and S. Faraone and P. Asherson and T. Banaschewski and J. Buitelaar and B. Franke and Richard P Ebstein and M. Gill and A. Miranda and Robert D Oades and H. Roeyers and A. Rothenberger and J. Sergeant and E. Sonuga-Barke and R. Anney and F. Mulas and H. Steinhausen and J. Glennon and B. Franke and J. Buitelaar},
 booktitle = {Translational Psychiatry},
 journal = {Translational Psychiatry},
 title = {Glutamatergic and GABAergic gene sets in attention-deficit/hyperactivity disorder: association to overlapping traits in ADHD and autism},
 volume = {7},
 year = {2017}
}


@Article{Conti2020CoronavirusCA,
 author = {P. Conti and A. Younes},
 booktitle = {Journal of Biological Regulators and Homeostatic Agents},
 journal = {Journal of biological regulators and homeostatic agents},
 title = {Coronavirus COV-19/SARS-CoV-2 affects women less than men: clinical response to viral infection.},
 volume = {34 2},
 year = {2020}
}


@Article{Deblinger1993PsychosocialCA,
 author = {E. Deblinger and Christina Russell Hathaway and J. Lippmann and R. Steer},
 journal = {Journal of Interpersonal Violence},
 pages = {155 - 168},
 title = {Psychosocial Characteristics and Correlates of Symptom Distress in Nonoffending Mothers of Sexually Abused Children},
 volume = {8},
 year = {1993}
}


@Article{Vaishya2021SARSCoV2IA,
 author = {Raju Vaishya and A. Sibal and Arpit Malani and K. Prasad},
 booktitle = {The Indian journal of medical research},
 journal = {The Indian Journal of Medical Research},
 pages = {550 - 554},
 title = {SARS-CoV-2 infection after COVID-19 immunization in healthcare workers: A retrospective, pilot study},
 volume = {153},
 year = {2021}
}


@Article{FernndezdelasPeas2022LongCOVIDSI,
 author = {C. FernndezdelasPeas and K. Notarte and P. Peligro and Jacqueline Veronica Velasco and Miguel Joaqun Ocampo and B. Henry and L. Arendt-Nielsen and J. Torres-Macho and G. Plaza-Manzano},
 booktitle = {Viruses},
 journal = {Viruses},
 title = {Long-COVID Symptoms in Individuals Infected with Different SARS-CoV-2 Variants of Concern: A Systematic Review of the Literature},
 volume = {14},
 year = {2022}
}


@Article{Swanson2017YoungAO,
 author = {J. Swanson and L. Arnold and B. Molina and M. Sibley and L. Hechtman and S. Hinshaw and H. Abikoff and A. Stehli and Elizabeth B. Owens and John T. Mitchell and Quyen Nichols and Andrea L. Howard and L. Greenhill and B. Hoza and J. Newcorn and P. Jensen and B. Vitiello and T. Wigal and J. Epstein and L. Tamm and Kimberly D. Lakes and J. Waxmonsky and M. Lerner and Joy Etcovitch and D. Murray and M. Muenke and M. Acosta and M. Arcos-Burgos and W. Pelham and H. Kraemer and J. Severe and J. Richters and D. Vereen and G. Elliott and K. Wells and C. Conners and J. March and D. Cantwell and R. Gibbons and S. Marcus and K. Hur and Tom V. Hanley and Karen Stern},
 booktitle = {Journal of Child Psychology and Psychiatry and Allied Disciplines},
 journal = {Journal of Child Psychology and Psychiatry},
 pages = {663678},
 title = {Young adult outcomes in the followup of the multimodal treatment study of attentiondeficit/hyperactivity disorder: symptom persistence, source discrepancy, and height suppression},
 volume = {58},
 year = {2017}
}


@Article{Sattler2020SARSCoV2ST,
 author = {A. Sattler and S. Angermair and H. Stockmann and K. Heim and D. Khadzhynov and S. Treskatsch and F. Halleck and M. Kreis and K. Kotsch},
 booktitle = {Journal of Clinical Investigation},
 journal = {The Journal of clinical investigation},
 title = {SARS-CoV-2 specific T-cell responses and correlations with COVID-19 patient predisposition.},
 year = {2020}
}
