@article{Gorraiz2013Opportunities,
title = {Opportunities for and limitations of the Book Citation Index},
author = {Juan Gorraiz and Philip J. Purnell and Wolfgang Glanzel},
journal = {Journal of the American Society for Information Science and Technology},
year = {2013},
volume = {64},
number = {7}}


@article{Bailey2020Association,
title = {Association of obesity and diabetes with physical activity and fruit and vegetable consumption in stroke survivors},
author = {Ryan R Bailey and John Robinson Singleton and Jennifer J Majersik},
journal = {Family Practice},
year = {2020},
volume = {38},
number = {1}}


@article{Siti2021Relationship,
title = {Relationship between Blood Glucose, Cholesterol and Blood Pressure in Diabetes Mellitus Patients with Diabetic Ulcers},
author = { Siti Khosnaini and  Puspitasari},
journal = {Academia Open},
year = {2021},
volume = {4},
number = {}}


@article{Gimenez2007Relationship,
title = {Relationship Between BMI and Age at Diagnosis of Type 1 Diabetes in a Mediterranean Area in the Period of 1990-2004},
author = {Marga Gimenez and Eva Aguilera and Conxa Castell and Nuria de Lara and Joana Nicolau and Ignacio Conget},
journal = {Diabetes Care},
year = {2007},
volume = {30},
number = {6}}


@article{Bailey2020Abstract,
title = {Abstract P257: Obesity and Diabetes are Jointly Associated With Low Fruit and Vegetable Consumption and Low Physical Activity in Adults With Stroke},
author = {Ryan Bailey and Monica Serra},
journal = {Circulation},
year = {2020},
volume = {141},
number = {Suppl\_1}}


@article{Gundogdu2023Efficient,
title = {Efficient prediction of early-stage diabetes using XGBoost classifier with random forest feature selection technique},
author = {Serdar Gundogdu},
journal = {Multimedia Tools and Applications},
year = {2023},
volume = {},
number = {}}


@article{Reichard1995Are,
title = {Are there any glycemic thresholds for the serious microvascular diabetic complications?},
author = {Per Reichard},
journal = {Journal of Diabetes and its Complications},
year = {1995},
volume = {9},
number = {1}}


@article{Zhao2014In-text,
title = {In-text author citation analysis: Feasibility, benefits, and limitations},
author = {Dangzhi Zhao and Andreas Strotmann},
journal = {Journal of the Association for Information Science and Technology},
year = {2014},
volume = {65},
number = {11}}


@article{Armer2013Limitations,
title = {Limitations to using point of care blood ketone testing to monitor DKA treatment},
author = {Jane Armer and Natalie Hunt and Kalpana Kaushal and Martin Myers and Ketan Dhatariya},
journal = {Practical Diabetes},
year = {2013},
volume = {30},
number = {9}}


@article{Alkhalidy2021The,
title = {The Prevalence of Dietary and Lifestyle Risk Factors Among Jordanian Youth: The Cornerstone of Diabetes Prevention},
author = {Hana Alkhalidy and Khadeejah Alnaser and Islam Al-Shami and Dongmin Liu},
journal = {Current Developments in Nutrition},
year = {2021},
volume = {5},
number = {}}


@article{PIACENTINI1995Factors,
title = {Factors affecting low fruit and vegetable consumption in Scotland: a review of factors affecting fruit and vegetable consumption},
author = {M.G. PIACENTINI and T. KIRK and R.C. PRENTICE and P. TURNER},
journal = {Journal of Consumer Studies and Home Economics},
year = {1995},
volume = {19},
number = {3}}
