@Article{Kahraman2020TheEO,
 author = {Aye Kahraman and Merve Gm and M. Akar and Melike Sipahi and Hatice Bal Ylmaz and Z. Babakkal},
 booktitle = {Intensive \& Critical Care Nursing},
 journal = {Intensive \& critical care nursing},
 pages = {
          102904
        },
 title = {The effects of auditory interventions on pain and comfort in premature newborns in the neonatal intensive care unit; a randomised controlled trial.},
 year = {2020}
}


@Article{Pados2020SystematicRO,
 author = {B. Pados and F. Hess},
 booktitle = {Advances in Neonatal Care},
 journal = {Advances in Neonatal Care},
 pages = {48 - 58},
 title = {Systematic Review of the Effects of Skin-to-Skin Care on Short-Term Physiologic Stress Outcomes in Preterm Infants in the Neonatal Intensive Care Unit},
 volume = {20},
 year = {2020}
}


@Article{Burke2018SystematicRO,
 author = {Sara Burke},
 booktitle = {Journal of Child Health Care},
 journal = {Journal of Child Health Care},
 pages = {269 - 286},
 title = {Systematic review of developmental care interventions in the neonatal intensive care unit since 2006},
 volume = {22},
 year = {2018}
}


@Article{Liu2002DeliveryRR,
 author = {William F. Liu and T. Harrington},
 booktitle = {American Journal of Perinatology},
 journal = {American journal of perinatology},
 pages = {
          367-78
        },
 title = {Delivery room risk factors for meconium aspiration syndrome.},
 volume = {19 7},
 year = {2002}
}


@Article{Narang1993ManagementOM,
 author = {A. Narang and P. Nair and O. N. Bhakoo and K. Vashisht},
 booktitle = {Indian Pediatrics},
 journal = {Indian pediatrics},
 pages = {
          9-13
        },
 title = {Management of meconium stained amniotic fluid: a team approach.},
 volume = {30 1},
 year = {1993}
}


@Article{Ferraz2020BundleTR,
 author = {Priscila Ferraz and Marina C. M. Barros and M. Miyoshi and Josy Davidson and R. Guinsburg},
 booktitle = {Journal of Maternal-Fetal \& Neonatal Medicine},
 journal = {The Journal of Maternal-Fetal \& Neonatal Medicine},
 pages = {3077 - 3085},
 title = {Bundle to reduce unplanned extubation in a neonatal intensive care unit},
 volume = {33},
 year = {2020}
}


@Article{Zauche2019PredictorsOP,
 author = {Lauren Head Zauche and Michael S. Zauche and Anne L. Dunlop and Bryan Lee Williams},
 booktitle = {Advances in Neonatal Care},
 journal = {Advances in Neonatal Care},
 pages = {251 - 259},
 title = {Predictors of Parental Presence in the Neonatal Intensive Care Unit},
 volume = {20},
 year = {2019}
}


@Article{Lee2016ReductionOB,
 author = {Kelley R. Lee and B. Bagga and S. Arnold},
 booktitle = {Pediatric Critical Care Medicine},
 journal = {Pediatric Critical Care Medicine},
 pages = {187193},
 title = {Reduction of Broad-Spectrum Antimicrobial Use in a Tertiary Childrens Hospital Post Antimicrobial Stewardship Program Guideline Implementation*},
 volume = {17},
 year = {2016}
}


@Article{Maghaireh2016SystematicRO,
 author = {Duaa Fayiz Al Maghaireh and Khatijah Lim Abdullah and C. Chan and C. Y. Piaw and Mariam Mofleh Al Kawafha},
 booktitle = {Journal of Clinical Nursing},
 journal = {Journal of clinical nursing},
 pages = {
          2745-56
        },
 title = {Systematic review of qualitative studies exploring parental experiences in the Neonatal Intensive Care Unit.},
 volume = {25 19-20},
 year = {2016}
}


@Article{Sweet2023EuropeanCG,
 author = {D. Sweet and V. Carnielli and G. Greisen and M. Hallman and K. Klebermass-Schrehof and E. Ozek and A. T. te Pas and R. Plavka and C. Roehr and O. D. Saugstad and U. Simeoni and C. P. Speer and M. Vento and G. Visser and H. Halliday},
 booktitle = {Neonatology},
 journal = {Neonatology},
 pages = {3 - 23},
 title = {European Consensus Guidelines on the Management of Respiratory Distress Syndrome: 2022 Update},
 volume = {120},
 year = {2023}
}


@Article{Course2020ManagementOR,
 author = {C. Course and M. Chakraborty},
 booktitle = {Scientific Reports},
 journal = {Scientific Reports},
 title = {Management of Respiratory Distress Syndrome in Preterm Infants In Wales: A Full Audit Cycle of a Quality Improvement Project},
 volume = {10},
 year = {2020}
}


@Article{Melnyk2008MaternalAA,
 author = {B. Melnyk and Hugh F. Crean and N. Feinstein and Eileen Fairbanks},
 booktitle = {Nursing Research},
 journal = {Nursing Research},
 pages = {383-394},
 title = {Maternal Anxiety and Depression After a Premature Infant's Discharge From the Neonatal Intensive Care Unit: Explanatory Effects of the Creating Opportunities for Parent Empowerment Program},
 volume = {57},
 year = {2008}
}


@Article{Saiman2003AnOO,
 author = {L. Saiman and A. Cronquist and Fann Wu and J. Zhou and D. Rubenstein and W. Eisner and B. Kreiswirth and P. DellaLatta},
 booktitle = {Infection Control \&\#x0026; Hospital Epidemiology},
 journal = {Infection Control \&\#x0026; Hospital Epidemiology},
 pages = {317 - 321},
 title = {An Outbreak of Methicillin-Resistant Staphylococcus aureus in a Neonatal Intensive Care Unit},
 volume = {24},
 year = {2003}
}


@Article{Breatnach2010APC,
 author = {C. Breatnach and N. Conlon and M. Stack and M. Healy and B. O'hare},
 booktitle = {Pediatric Critical Care Medicine},
 journal = {Pediatric Critical Care Medicine},
 pages = {7-11},
 title = {A prospective crossover comparison of neurally adjusted ventilatory assist and pressure-support ventilation in a pediatric and neonatal intensive care unit population*},
 volume = {11},
 year = {2010}
}


@Article{Singh2004EndofLifeAB,
 author = {Jaideep Singh and J. Lantos and W. Meadow},
 booktitle = {Pediatrics},
 journal = {Pediatrics},
 pages = {1620 - 1626},
 title = {End-of-Life After Birth: Death and Dying in a Neonatal Intensive Care Unit},
 volume = {114},
 year = {2004}
}


@Inproceedings{Rochwerg2017OfficialEC,
 author = {B. Rochwerg and L. Brochard and M. Elliott and D. Hess and N. Hill and S. Nava and P. Navalesi and M. Antonelli and J. Broek and G. Conti and M. Ferrer and K. Guntupalli and S. Jaber and S. Keenan and J. Mancebo and S. Mehta and S. Raoof},
 booktitle = {European Respiratory Journal},
 pages = {383 - 394},
 title = {Official ERS/ATS clinical practice guidelines: noninvasive ventilation for acute respiratory failure},
 volume = {50},
 year = {2017}
}


@Article{Krivitski2008TheoryAI,
 author = {N. Krivitski and V. Kislukhin and N. Thuramalla},
 booktitle = {Pediatric Critical Care Medicine},
 journal = {Pediatric Critical Care Medicine},
 pages = {423-428},
 title = {Theory and in vitro validation of a new extracorporeal arteriovenous loop approach for hemodynamic assessment in pediatric and neonatal intensive care unit patients*},
 volume = {9},
 year = {2008}
}


@Article{Wiswell2000DeliveryRM,
 author = {T. Wiswell and C. Gannon and J. Jacob and L. Goldsmith and E. Szyld and K. Weiss and D. Schutzman and G. Cleary and P. Filipov and I. Kurlat and C. L. Caballero and S. Abassi and Daniel Sprague and C. Oltorf and Michael A. Padula},
 booktitle = {Pediatrics},
 journal = {Pediatrics},
 pages = {1 - 7},
 title = {Delivery Room Management of the Apparently Vigorous Meconium-stained Neonate: Results of the Multicenter, International Collaborative Trial},
 volume = {105},
 year = {2000}
}


@Article{Oommen2020ResuscitationON,
 author = {V. Oommen and V. V. Ramaswamy and E. Szyld and C. Roehr},
 booktitle = {Archives of Disease in Childhood},
 journal = {Archives of Disease in Childhood},
 pages = {324 - 326},
 title = {Resuscitation of non-vigorous neonates born through meconium-stained amniotic fluid: post policy change impact analysis},
 volume = {106},
 year = {2020}
}
