@Article{Lang2023InfluenzaVB,
 author = {P. Lang and Charlotte Tsu-Shin Wu and Anna Florence Le-Nguyen and Astrid Czock},
 booktitle = {International Journal of Public Health},
 journal = {International Journal of Public Health},
 title = {Influenza Vaccination Behaviour of Healthcare Workers in Switzerland: A Cross-Sectional Study},
 volume = {68},
 year = {2023}
}


@Article{Chun2014ImpactOV,
 author = {R. Chun and Philip T Liu and R. Modlin and J. Adams and M. Hewison},
 booktitle = {Frontiers in Physiology},
 journal = {Frontiers in Physiology},
 title = {Impact of vitamin D on immune function: lessons learned from genome-wide analysis},
 volume = {5},
 year = {2014}
}


@Article{Harvey2021SARSCoV2VS,
 author = {William T. Harvey and A. Carabelli and B. Jackson and Ravindra K. Gupta and E. Thomson and E. Harrison and C. Ludden and R. Reeve and A. Rambaut and S. Peacock and D. Robertson},
 booktitle = {Nature Reviews Microbiology},
 journal = {Nature Reviews. Microbiology},
 pages = {409 - 424},
 title = {SARS-CoV-2 variants, spike mutations and immune escape},
 volume = {19},
 year = {2021}
}


@Article{Piccoli2020RiskAA,
 author = {L. Piccoli and P. Ferrari and G. Piumatti and S. Jovic and Blanca M. Fernandez Rodriguez and F. Mele and Isabella Giacchetto-Sasselli and T. Terrot and C. Silacci-Fregni and E. Cameroni and S. Jaconi and Nicole Sprugasci and I. Bartha and D. Corti and M. Uguccioni and A. Lanzavecchia and C. Garzoni and O. Giannini and E. Bernasconi and L. Elzi and E. Albanese and F. Sallusto and A. Ceschi},
 booktitle = {The Lancet Regional Health - Europe},
 journal = {The Lancet Regional Health - Europe},
 title = {Risk assessment and seroprevalence of SARS-CoV-2 infection in healthcare workers of COVID-19 and non-COVID-19 hospitals in Southern Switzerland},
 volume = {1},
 year = {2020}
}


@Article{Tsanas2011NonlinearSA,
 author = {A. Tsanas and Max A. Little and P. McSharry and L. Ramig},
 booktitle = {Journal of the Royal Society Interface},
 journal = {Journal of The Royal Society Interface},
 pages = {842 - 855},
 title = {Nonlinear speech analysis algorithms mapped to a standard metric achieve clinically useful quantification of average Parkinson's disease symptom severity},
 volume = {8},
 year = {2011}
}


@Article{Schwappach2018SpeakUC,
 author = {D. Schwappach and A. Richard},
 booktitle = {BMJ Quality \& Safety},
 journal = {BMJ Quality \& Safety},
 pages = {827 - 835},
 title = {Speak up-related climate and its association with healthcare workers speaking up and withholding voice behaviours: a cross-sectional survey in Switzerland},
 volume = {27},
 year = {2018}
}


@Article{Lin2021TheDS,
 author = {Lixin Lin and Y. Liu and Xiujuan Tang and D. He},
 booktitle = {Frontiers in Public Health},
 journal = {Frontiers in Public Health},
 title = {The Disease Severity and Clinical Outcomes of the SARS-CoV-2 Variants of Concern},
 volume = {9},
 year = {2021}
}


@Article{Maher2021PredictingTM,
 author = {M. C. Maher and I. Bartha and S. Weaver and J. di Iulio and E. Ferri and Leah B. Soriaga and Florian A. Lempp and B. Hie and Bryan D. Bryson and Bonnie Berger and David L. Robertson and G. Snell and D. Corti and H. Virgin and S. K. Kosakovsky Pond and A. Telenti},
 booktitle = {Science Translational Medicine},
 journal = {Science Translational Medicine},
 title = {Predicting the mutational drivers of future SARS-CoV-2 variants of concern},
 year = {2021}
}
=======
}


@Article{Thye2021EmergingSV,
 author = {Angel Yun-Kuan Thye and Jodi WoanFei Law and Priyia Pusparajah and V. Letchumanan and Kok-Gan Chan and LearnHan Lee},
 booktitle = {Biomedicines},
 journal = {Biomedicines},
 title = {Emerging SARS-CoV-2 Variants of Concern (VOCs): An Impending Global Crisis},
 volume = {9},
 year = {2021}
}


@Article{Lipsitch2021SARSCoV2BI,
 author = {M. Lipsitch and F. Krammer and G. Regev-Yochay and Y. Lustig and R. Balicer},
 booktitle = {Nature reviews. Immunology},
 journal = {Nature Reviews. Immunology},
 pages = {57 - 65},
 title = {SARS-CoV-2 breakthrough infections in vaccinated individuals: measurement, causes and impact},
 volume = {22},
 year = {2021}
}


@Article{Hall2022ProtectionAS,
 author = {Victoria G Hall and S. Foulkes and F. Insalata and P. Kirwan and A. Saei and A. Atti and E. Wellington and J. Khawam and K. Munro and M. Cole and Caio Tranquillini and Andrew Taylor-Kerr and N. Hettiarachchi and D. Calbraith and N. Sajedi and I. Milligan and Y. Themistocleous and D. Corrigan and L. Cromey and L. Price and Sarah Stewart and E. de Lacy and C. Norman and E. Linley and A. Otter and A. Semper and J. Hewson and S. DArcangelo and M. Chand and C. Brown and T. Brooks and J. Islam and A. Charlett and S. Hopkins},
 booktitle = {New England Journal of Medicine},
 journal = {The New England Journal of Medicine},
 title = {Protection against SARS-CoV-2 after Covid-19 Vaccination and Previous Infection},
 year = {2022}
}


@Article{Goldberg2022ProtectionAW,
 author = {Y. Goldberg and Michael I. Mandel and Y. Bar-On and O. Bodenheimer and L. Freedman and N. Ash and S. alroy-Preis and A. Huppert and Ron Milo},
 booktitle = {New England Journal of Medicine},
 journal = {The New England Journal of Medicine},
 title = {Protection and Waning of Natural and Hybrid Immunity to SARS-CoV-2},
 year = {2022}
}


@Article{Mistry2022SARSCoV2VV,
 author = {Priyal Mistry and Fatima Barmania and J. Mellet and K. Peta and A. Strydom and I. Viljoen and W. James and S. Gordon and Michael S. Pepper},
 booktitle = {Frontiers in Immunology},
 journal = {Frontiers in Immunology},
 title = {SARS-CoV-2 Variants, Vaccines, and Host Immunity},
 volume = {12},
 year = {2022}
}


@Article{Carabelli2023SARSCoV2VB,
 author = {A. Carabelli and T. Peacock and Lucy G. Thorne and William T. Harvey and J. Hughes and T. D. de Silva and S. Peacock and W. Barclay and G. Towers and David L. Robertson},
 booktitle = {Nature Reviews Microbiology},
 journal = {Nature Reviews. Microbiology},
 pages = {162 - 177},
 title = {SARS-CoV-2 variant biology: immune escape, transmission and fitness},
 volume = {21},
 year = {2023}
}


@Article{Kim2020RiskFO,
 author = {Seon-Rye Kim and S. Nam and Yu-Rin Kim},
 booktitle = {International Journal of Environmental Research and Public Health},
 journal = {International Journal of Environmental Research and Public Health},
 title = {Risk Factors on the Progression to Clinical Outcomes of COVID-19 Patients in South Korea: Using National Data},
 volume = {17},
 year = {2020}
}


@Article{Sen2021PredictingCS,
 author = {Sanjana R. Sen and Emily C. Sanders and Kristin N. Gabriel and B. Miller and H. M. Isoda and G. S. Salcedo and J. E. Garrido and Rebekah P. Dyer and R. Nakajima and Aarti Jain and Ana-Maria Caldaruse and Alicia M. Santos and K. Bhuvan and D. Tifrea and J. Ricks-Oddie and P. Felgner and R. Edwards and S. Majumdar and Gregory A. Weiss},
 booktitle = {Msphere},
 journal = {mSphere},
 title = {Predicting COVID-19 Severity with a Specific Nucleocapsid Antibody plus Disease Risk Factor Score},
 volume = {6},
 year = {2021}
}


@Article{Hu2021EarlyIR,
 author = {Z. Hu and K. van der Ploeg and S. Chakraborty and P. S. Arunachalam and D. M. Mori and K. Jacobson and H. Bonilla and J. Parsonnet and J. R. Andrews and H. Hedlin and L. de la Parte and K. Dantzler and M. Ty and G. Tan and C. Blish and Shin-ichiro Takahashi and I. Rodrguez-Barraquer and B. Greenhouse and A. Butte and U. Singh and B. Pulendran and T. T. Wang and P. Jagannathan},
 booktitle = {medRxiv},
 journal = {Research Square},
 title = {Early immune responses have long-term associations with clinical, virologic, and immunologic outcomes in patients with COVID-19},
 year = {2021}
}


@Article{Dan2021ImmunologicalMT,
 author = {J. Dan and J. Mateus and Y. Kato and K. Hastie and E. Yu and Caterina E. Faliti and A. Grifoni and S. Ramirez and Sonya Haupt and A. Frazier and Catherine Nakao and V. Rayaprolu and Stephen A. Rawlings and Bjoern Peters and F. Krammer and V. Simon and E. Saphire and Davey M. Smith and D. Weiskopf and A. Sette and S. Crotty},
 booktitle = {Science},
 journal = {Science (New York, N.y.)},
 title = {Immunological memory to SARS-CoV-2 assessed for up to 8 months after infection},
 year = {2021}
}


@Article{Mistry2022SARSCoV2VV,
 author = {Priyal Mistry and Fatima Barmania and J. Mellet and K. Peta and A. Strydom and I. Viljoen and W. James and S. Gordon and Michael S. Pepper},
 booktitle = {Frontiers in Immunology},
 journal = {Frontiers in Immunology},
 title = {SARS-CoV-2 Variants, Vaccines, and Host Immunity},
 volume = {12},
 year = {2022}
}
>>>>>>> 3f350b0983f50e7b846202fe6476b92ff09fc4de
