@Article{Jain2023SinglecellRS,
 author = {Saket Jain and Jonathan Rick and Rushikesh S. Joshi and Angad S. Beniwal and J. Spatz and Sabraj A. Gill and A. Chang and Nikita Choudhary and Alan T. Nguyen and Sweta Sudhir and E. Chalif and Jia-Shu Chen and Ankush Chandra and Alexander F. Haddad and Harsh Wadhwa and Sumedh S. Shah and Serah Choi and J. Hayes and Lin Wang and Garima Yagnik and J. Costello and A. Diaz and D. Heiland and M. Aghi},
 booktitle = {Journal of Clinical Investigation},
 journal = {The Journal of Clinical Investigation},
 title = {Single-cell RNA sequencing and spatial transcriptomics reveal cancer-associated fibroblasts in glioblastoma with protumoral effects},
 volume = {133},
 year = {2023}
}


@Article{Bais2019scdsCA,
 author = {A. Bais and Dennis Kostka},
 booktitle = {Bioinform.},
 journal = {Bioinformatics},
 pages = {1150 - 1158},
 title = {scds: computational annotation of doublets in single-cell RNA sequencing data},
 volume = {36},
 year = {2019}
}


@Article{Xi2020BenchmarkingCD,
 author = {N. Xi and J. Li},
 booktitle = {Cell Systems},
 journal = {Cell systems},
 title = {Benchmarking Computational Doublet-Detection Methods for Single-Cell RNA Sequencing Data.},
 year = {2020}
}


@Article{Reyfman2019SingleCellTA,
 author = {P. Reyfman and J. Walter and N. Joshi and K. R. Anekalla and Alexandra McQuattie-Pimentel and Stephen Chiu and Ramiro Fernandez and Mahzad Akbarpour and ChingI Chen and Z. Ren and R. Verma and H. Abdala-Valencia and Kiwon Nam and Monica Chi and SeungHye Han and Francisco J. Gonzalez-Gonzalez and S. Soberanes and Satoshi Watanabe and Kinola J. N. Williams and A. S. Flozak and T. Nicholson and Vince K. Morgan and D. Winter and M. Hinchcliff and C. Hrusch and R. Guzy and C. Bonham and A. Sperling and R. Bag and R. Hamanaka and G. Mutlu and A. Yeldandi and Stacy A. Marshall and A. Shilatifard and L. Amaral and H. Perlman and J. Sznajder and A. Argento and C. Gillespie and J. Dematte and M. Jain and Benjamin D. Singer and K. Ridge and A. Lam and A. Bharat and S. Bhorade and C. Gottardi and G. S. Budinger and A. Misharin},
 booktitle = {American Journal of Respiratory and Critical Care Medicine},
 journal = {American Journal of Respiratory and Critical Care Medicine},
 pages = {1517 - 1536},
 title = {Single-Cell Transcriptomic Analysis of Human Lung Provides Insights into the Pathobiology of Pulmonary Fibrosis},
 volume = {199},
 year = {2019}
}


@Article{Freytag2018ComparisonOC,
 author = {S. Freytag and L. Tian and Ingrid Lnnstedt and Milica Ng and M. Bahlo},
 booktitle = {F1000Research},
 journal = {F1000Research},
 title = {Comparison of clustering tools in R for medium-sized 10x Genomics single-cell RNA-sequencing data},
 volume = {7},
 year = {2018}
}


@Article{McGinnis2018DoubletFinderDD,
 author = {Christopher S. McGinnis and Lyndsay M. Murrow and Zev J. Gartner},
 booktitle = {bioRxiv},
 journal = {bioRxiv},
 title = {DoubletFinder: Doublet detection in single-cell RNA sequencing data using artificial nearest neighbors},
 year = {2018}
}


@Article{Kleshchevnikov2020ComprehensiveMO,
 author = {Vitalii Kleshchevnikov and Artem Shmatko and Emma Dann and Alexander Aivazidis and Hamish W. King and Tong Li and A. Lomakin and Veronika R. Kedlian and M. S. Jain and Jun Sung Park and Lauma Ramona and E. Tuck and A. Arutyunyan and R. Vento-Tormo and M. Gerstung and L. James and O. Stegle and O. Bayraktar},
 booktitle = {bioRxiv},
 journal = {bioRxiv},
 title = {Comprehensive mapping of tissue cell architecture via integrated single cell and spatial transcriptomics},
 year = {2020}
}


@Article{Xi2021ProtocolFE,
 author = {N. Xi and J. Li},
 booktitle = {STAR Protocols},
 journal = {STAR Protocols},
 title = {Protocol for executing and benchmarking eight computational doublet-detection methods in single-cell RNA sequencing data analysis},
 volume = {2},
 year = {2021}
}


@Article{Deng2020CharacteristicsOA,
 author = {Q. Deng and Guangchun Han and N. Puebla-Osorio and M. Ma and P. Strati and B. Chasen and E. Dai and M. Dang and N. Jain and Haopeng Yang and Yuanxin Wang and Shaojun Zhang and Ruiping Wang and Runzhe Chen and Jordan Showell and Sreejoyee Ghosh and Sridevi Patchva and Qi Zhang and R. Sun and F. Hagemeister and L. Fayad and F. Samaniego and Hans C. Lee and L. Nastoupil and N. Fowler and R. Eric Davis and J. Westin and S. Neelapu and Linghua Wang and Michael R. Green},
 booktitle = {Nature Network Boston},
 journal = {Nature Medicine},
 pages = {1878 - 1887},
 title = {Characteristics of anti-CD19 CAR T cell infusion products associated with efficacy and toxicity in patients with large B cell lymphomas},
 volume = {26},
 year = {2020}
}


@Article{Shi2020GraphPiHP,
 author = {Tianhui Shi and Mingshu Zhai and Yi Xu and Jidong Zhai},
 booktitle = {International Conference for High Performance Computing, Networking, Storage and Analysis},
 journal = {SC20: International Conference for High Performance Computing, Networking, Storage and Analysis},
 pages = {1-14},
 title = {GraphPi: High Performance Graph Pattern Matching through Effective Redundancy Elimination},
 year = {2020}
}


@Article{Germain2021DoubletII,
 author = {Pierre-Luc Germain and A. Lun and W. Macnair and M. Robinson},
 booktitle = {F1000Research},
 journal = {F1000Research},
 title = {Doublet identification in single-cell sequencing data using scDblFinder},
 volume = {10},
 year = {2021}
}


@Article{DePasquale2019DoubletDeconDD,
 author = {Erica A. K. DePasquale and Erica A. K. DePasquale and Daniel J. Schnell and Pieter-Jan Van Camp and Pieter-Jan Van Camp and igo Valiente-Aland and B. Blaxall and B. Blaxall and H. Grimes and H. Grimes and Harinder Singh and N. Salomonis and N. Salomonis},
 booktitle = {Cell Reports},
 journal = {Cell reports},
 pages = {1718 - 1727.e8},
 title = {DoubletDecon: Deconvoluting Doublets from Single-Cell RNA-Sequencing Data},
 volume = {29},
 year = {2019}
}


@Article{Choudhary2021ComparisonAE,
 author = {S. Choudhary and R. Satija},
 booktitle = {Genome Biology},
 journal = {Genome Biology},
 title = {Comparison and evaluation of statistical error models for scRNA-seq},
 volume = {23},
 year = {2021}
}


@Article{Wolock2018ScrubletCI,
 author = {Samuel L. Wolock and Romain Lopez and Allon M. Klein},
 booktitle = {bioRxiv},
 journal = {bioRxiv},
 title = {Scrublet: computational identification of cell doublets in single-cell transcriptomic data},
 year = {2018}
}


@Inproceedings{Shainer2021ChoiceOA,
 author = {I. Shainer and M. Stemmer},
 title = {Choice of alignment pipeline strongly influences clustering quality of scRNA-seq datasets},
 year = {2021}
}


@Article{Zhu2018IdentificationOS,
 author = {Qian Zhu and Sheel Shah and Ruben Dries and L. Cai and Guocheng Yuan},
 booktitle = {Nature Biotechnology},
 journal = {Nature biotechnology},
 title = {Identification of spatially associated subpopulations by combining scRNA-seq and sequential fluorescence in situ hybridization data},
 year = {2018}
}
