@article{Iezzoni2010Multiple,
title = {Multiple Chronic Conditions and Disabilities: Implications for Health Services Research and Data Demands},
author = {Lisa I. Iezzoni},
journal = {Health Services Research},
year = {2010},
volume = {45},
number = {5p2}}


@article{Caputo2017Social,
title = {Social desirability bias in self-reported well-being measures: evidence from an online survey},
author = {Andrea Caputo},
journal = {Universitas Psychologica},
year = {2017},
volume = {16},
number = {2}}


@inbook{Holtzman2003Analysis,
title = {Analysis and Interpretation of Data from the U.S. Behavioral Risk Factor Surveillance System (BRFSS)},
author = {Deborah Holtzman},
year = {2003},
publisher = {Springer US},
volume = {},
number = {},
editor = {}}


@article{Lu2021Multivariate,
title = {Multivariate Logistic Regression Analysis of Complex Survey Data with Application to BRFSS Data},
author = {Minggen Lu and Wei Yang},
journal = {Journal of Data Science},
year = {2021},
volume = {10},
number = {2}}


@article{Rahman2022Trends,
title = {Trends in the prevalence and associated factors of prediabetes and diabetes in Bangladesh: Evidence from population-based cross-sectional surveys},
author = {Md. Ashfikur Rahman and Henry Ratul Halder and Satyajit Kundu and Farhana Sultana and Sheikh Mohammed Shariful Islam},
journal = {Diabetes Research and Clinical Practice},
year = {2022},
volume = {190},
number = {}}


@article{Chikao2014Association,
title = {Association of Prediabetes and Diabetes Mellitus with Cardiovascular Disease Risk Factors among Japanese Urban Workers and their Families: A Cross- Sectional Study},
author = {Norio Ishizuka Chikao Arai},
journal = {Epidemiology: Open Access},
year = {2014},
volume = {04},
number = {03}}


@inbook{Rippe2020Physical,
title = {Physical Activity and Diabetes, Prediabetes, and the Metabolic Syndrome},
author = {James M. Rippe},
year = {2020},
publisher = {CRC Press},
volume = {},
number = {},
editor = {}}


@article{Presser1998Data,
title = {Data Collection Mode and Social Desirability Bias in Self-Reported Religious Attendance},
author = {Stanley Presser and Linda Stinson},
journal = {American Sociological Review},
year = {1998},
volume = {63},
number = {1}}


@article{Wisdom2008Women's,
title = {Women's Health Policies Associated with Obesity, Diabetes, High Blood Pressure, and Smoking: A Follow-Up on the Women's Health Report Card},
author = {Jennifer P. Wisdom and Yvonne L. Michael and Katrina Ramsey and Michelle Berlin},
journal = {Women \&amp; Health},
year = {2008},
volume = {48},
number = {1}}


@article{BILAL2009DIABETES,
title = {DIABETES MELLITUS},
author = {AHMED BILAL and Muqqadas Shaheen and FRAZ SAEED QURESHI and Touseef Iqbal and MUHAMMAD IRFAN IQBAL and Sadia Khan and Muhammad Owais Fazal and Usama Saeed},
journal = {The Professional Medical Journal},
year = {2009},
volume = {16},
number = {04}}


@inproceedings{Ferdina2021Comparison,
title = {Comparison of Obesity Indices in Predicting Diabetes Mellitus, Heart Disease, Chronic Kidney Disease, and High Blood Pressure among Adults in Kalimantan, Indonesia},
author = {Ayunina Rizky Ferdina and Wulan Sari Rasna Giri Sembiring},
journal = {Proceedings of the 3rd International Conference on Social Determinants of Health},
year = {2021},
volume = {},
number = {}}


@article{Lampert2010Smoking,
title = {Smoking, Physical Inactivity, and Obesity},
author = {Thomas Lampert},
journal = {Deutsches Arzteblatt international},
year = {2010},
volume = {},
number = {}}


@article{Ek2014High,
title = {High prevalence of prediabetes in a Swedish cohort of severely obese children},
author = {Anna E Ek and Sophia M Rossner and Emilia Hagman and Claude Marcus},
journal = {Pediatric Diabetes},
year = {2014},
volume = {16},
number = {2}}


@article{Admiraal2011The,
title = {The association of physical inactivity with Type 2 diabetes among different ethnic groups},
author = {W. M. Admiraal and I. G. M. van Valkengoed and J. S. L de Munter and K. Stronks and J. B. L. Hoekstra and F. Holleman},
journal = {Diabetic Medicine},
year = {2011},
volume = {28},
number = {6}}


@article{JENSEN1991Risk,
title = {Risk factors for acute myocardial infarction in Copenhagen II: Smoking, alcohol intake, physical activity, obesity, oral contraception, diabetes, lipids, and blood pressure},
author = {G. JENSEN and J. NYBOE and M. APPLEYARD and P. SCHNOHR},
journal = {European Heart Journal},
year = {1991},
volume = {12},
number = {3}}


@article{Sainio2007Educational,
title = {Educational differences in mobility: the contribution of physical workload, obesity, smoking and chronic conditions},
author = {P. Sainio and T. Martelin and S. Koskinen and M. Heliovaara},
journal = {Journal of Epidemiology \&amp; Community Health},
year = {2007},
volume = {61},
number = {5}}
