@Article{Hayes2009ComputationalPF,
 author = {A. Hayes and Jrg Matthes},
 booktitle = {Behavior Research Methods},
 journal = {Behavior Research Methods},
 pages = {924-936},
 title = {Computational procedures for probing interactions in OLS and logistic regression: SPSS and SAS implementations},
 volume = {41},
 year = {2009}
}


@Article{Frankenfeld2015DiabetesOA,
 author = {C. Frankenfeld and Timothy F. Leslie and Matthew A. Makara},
 booktitle = {BMC Public Health},
 journal = {BMC Public Health},
 title = {Diabetes, obesity, and recommended fruit and vegetable consumption in relation to food environment sub-types: a cross-sectional analysis of Behavioral Risk Factor Surveillance System, United States Census, and food establishment data},
 volume = {15},
 year = {2015}
}


@Article{Lin2011ImpactOL,
 author = {Cheng-Chieh Lin and Chia-Ing Li and C. Liu and Wen-Yuan Lin and M. Fuh and Sing-Yu Yang and C. Lee and Tsai-Chung Li},
 booktitle = {Diabetes Care},
 journal = {Diabetes Care},
 pages = {105 - 112},
 title = {Impact of Lifestyle-Related Factors on All-Cause and Cause-Specific Mortality in Patients With Type 2 Diabetes},
 volume = {35},
 year = {2011}
}


@Article{Mortensen2022DeterminantsOP,
 author = {S. R. Mortensen and P. Kristensen and A. Grntved and M. Ried-Larsen and C. Lau and S. Skou},
 booktitle = {BMJ Open Diabetes Research \& Care},
 journal = {BMJ Open Diabetes Research \& Care},
 title = {Determinants of physical activity among 6856 individuals with diabetes: a nationwide cross-sectional study},
 volume = {10},
 year = {2022}
}


@Article{Shi2013PhysicalAS,
 author = {Liang Shi and X. Shu and Hong-Lan Li and H. Cai and Qiaolan Liu and W. Zheng and Y. Xiang and R. Villegas},
 booktitle = {PLoS ONE},
 journal = {PLoS ONE},
 title = {Physical Activity, Smoking, and Alcohol Consumption in Association with Incidence of Type 2 Diabetes among Middle-Aged and Elderly Chinese Men},
 volume = {8},
 year = {2013}
}


@Article{Astrup2001HealthyLI,
 author = {A. Astrup},
 booktitle = {Public Health Nutrition},
 journal = {Public Health Nutrition},
 pages = {499 - 515},
 title = {Healthy lifestyles in Europe: prevention of obesity and type II diabetes by diet and physical activity},
 volume = {4},
 year = {2001}
}


@Article{Han2021AssociationOA,
 author = {H. Han and Yaying Cao and Chengwu Feng and Yan Zheng and K. Dhana and Shu Zhu and Cong Shang and Changzheng Yuan and G. Zong},
 booktitle = {Diabetes Care},
 journal = {Diabetes care},
 title = {Association of a Healthy Lifestyle With All-Cause and Cause-Specific Mortality Among Individuals With Type 2 Diabetes: A Prospective Study in UK Biobank.},
 year = {2021}
}


@Article{Grossman2017BehavioralCT,
 author = {D. Grossman and Kirsten Bibbins-Domingo and S. Curry and M. Barry and K. Davidson and Chyke A Doubeni and J. Epling and A. Kemper and A. Krist and A. Kurth and C. Landefeld and C. Mangione and M. Phipps and Michael Silverstein and M. Simon and Chien-Wen Tseng},
 booktitle = {Journal of the American Medical Association (JAMA)},
 journal = {JAMA},
 pages = {167174},
 title = {Behavioral Counseling to Promote a Healthful Diet and Physical Activity for Cardiovascular Disease Prevention in Adults Without Cardiovascular Risk Factors: US Preventive Services Task Force Recommendation Statement},
 volume = {318},
 year = {2017}
}
