@Inproceedings{Saeedi2019GlobalAR,
 author = {Pouya Saeedi and Inga Petersohn and P. Salpea and B. Malanda and S. Karuranga and N. Unwin and S. Colagiuri and L. Guariguata and A. Motala and K. Ogurtsova and J. Shaw and D. Bright and Rhys Williams},
 title = {Global and regional diabetes prevalence estimates for 2019 and projections for 2030 and 2045: Results from the International Diabetes Federation Diabetes Atlas, 9 th edition},
 year = {2019}
}


@Article{Uloko2018PrevalenceAR,
 author = {A. Uloko and B. Musa and M. Ramalan and I. Gezawa and F. Puepet and A. Uloko and M. Borodo and K. Sada},
 booktitle = {Diabetes Therapy},
 journal = {Diabetes Therapy},
 pages = {1307 - 1316},
 title = {Prevalence and Risk Factors for Diabetes Mellitus in Nigeria: A Systematic Review and Meta-Analysis},
 volume = {9},
 year = {2018}
}


@Article{Flores-Hernández2015QualityOD,
 author = {S. Flores-Hernández and P. Saturno-Hernández and H. Reyes-Morales and T. Barrientos-Gutiérrez and S. Villalpando and M. Hernández-Ávila},
 booktitle = {PLoS ONE},
 journal = {PLoS ONE},
 title = {Quality of Diabetes Care: The Challenges of an Increasing Epidemic in Mexico. Results from Two National Health Surveys (2006 and 2012)},
 volume = {10},
 year = {2015}
}


@Article{Wild2004GlobalPO,
 author = {S. Wild and G. Roglić and A. Green and R. Sicree and H. King},
 booktitle = {Diabetes Care},
 journal = {Diabetes care},
 pages = {
          1047-53
        },
 title = {Global prevalence of diabetes: estimates for the year 2000 and projections for 2030.},
 volume = {27 5},
 year = {2004}
}


@Article{Li2016AssociationBA,
 author = {Xiao-Hua Li and Fei-fei Yu and Yu-hao Zhou and Jia He},
 booktitle = {American Journal of Clinical Nutrition},
 journal = {The American journal of clinical nutrition},
 pages = {
          818-29
        },
 title = {Association between alcohol consumption and the risk of incident type 2 diabetes: a systematic review and dose-response meta-analysis.},
 volume = {103 3},
 year = {2016}
}


@Article{Gomes-Neto2019FruitAV,
 author = {A. Gomes-Neto and M. Osté and Camilo G. Sotomayor and Else v.d. Berg and J. Geleijnse and R. Gans and S. Bakker and G. Navis},
 booktitle = {Diabetes Care},
 journal = {Diabetes Care},
 pages = {1645 - 1652},
 title = {Fruit and Vegetable Intake and Risk of Posttransplantation Diabetes in Renal Transplant Recipients},
 volume = {42},
 year = {2019}
}


@Article{Herbst2007ImpactOP,
 author = {A. Herbst and O. Kordonouri and K. Schwab and and F. Schmidt and R. Holl},
 booktitle = {Diabetes Care},
 journal = {Diabetes Care},
 pages = {2098 - 2100},
 title = {Impact of Physical Activity on Cardiovascular Risk Factors in Children With Type 1 Diabetes},
 volume = {30},
 year = {2007}
}


@Article{Iachan2016NationalWO,
 author = {R. Iachan and Carol A. Pierannunzi and Kristie Healey and K. Greenlund and M. Town},
 booktitle = {BMC Medical Research Methodology},
 journal = {BMC Medical Research Methodology},
 title = {National weighting of data from the Behavioral Risk Factor Surveillance System (BRFSS)},
 volume = {16},
 year = {2016}
}


@Article{Drouin-Chartier2016SystematicRO,
 author = {Jean-Philippe Drouin-Chartier and D. Brassard and Maude Tessier‐Grenier and J. Côté and M. Labonté and S. Desroches and P. Couture and B. Lamarche},
 booktitle = {Advances in Nutrition},
 journal = {Advances in Nutrition},
 pages = {1026 - 1040},
 title = {Systematic Review of the Association between Dairy Product Consumption and Risk of Cardiovascular-Related Clinical Outcomes123},
 volume = {7},
 year = {2016}
}


@Article{Carlström2018CoffeeCA,
 author = {M. Carlström and S. Larsson},
 booktitle = {Nutrition reviews},
 journal = {Nutrition Reviews},
 pages = {395–417},
 title = {Coffee consumption and reduced risk of developing type 2 diabetes: a systematic review with meta-analysis},
 volume = {76},
 year = {2018}
}
