@Article{Dan2021ImmunologicalMT,
 author = {J. Dan and J. Mateus and Y. Kato and K. Hastie and E. Yu and Caterina E. Faliti and A. Grifoni and S. Ramirez and Sonya Haupt and A. Frazier and Catherine Nakao and V. Rayaprolu and Stephen A. Rawlings and Bjoern Peters and F. Krammer and V. Simon and E. Saphire and Davey M. Smith and D. Weiskopf and A. Sette and S. Crotty},
 booktitle = {Science},
 journal = {Science (New York, N.y.)},
 title = {Immunological memory to SARS-CoV-2 assessed for up to 8 months after infection},
 year = {2021}
}


@Article{Cromer2021ProspectsFD,
 author = {D. Cromer and J. Juno and D. Khoury and A. Reynaldi and A. Wheatley and S. Kent and M. Davenport},
 booktitle = {Nature reviews. Immunology},
 journal = {Nature Reviews. Immunology},
 pages = {395 - 404},
 title = {Prospects for durable immune control of SARS-CoV-2 and prevention of reinfection},
 volume = {21},
 year = {2021}
}


@Article{Loomba2021MeasuringTI,
 author = {Sahil Loomba and A. de Figueiredo and S. Piatek and K. de Graaf and H. Larson},
 booktitle = {Nature Human Behaviour},
 journal = {Nature Human Behaviour},
 pages = {337 - 348},
 title = {Measuring the impact of COVID-19 vaccine misinformation on vaccination intent in the UK and USA},
 volume = {5},
 year = {2021}
}


@Article{Ali2018UsageAA,
 author = {Faisal Mohammed Nafie Ali and Abdelmoneim Ali Mohamed Hamed},
 booktitle = {Journal of Information and Telecommunication},
 journal = {Journal of Information and Telecommunication},
 pages = {231 - 245},
 title = {Usage Apriori and clustering algorithms in WEKA tools to mining dataset of traffic accidents},
 volume = {2},
 year = {2018}
}


@Article{Baskin2021HealthcareWR,
 author = {Rachel Baskin and R. Bartlett},
 booktitle = {Journal of Nursing Management},
 journal = {Journal of Nursing Management},
 pages = {2329 - 2342},
 title = {Healthcare worker resilience during the COVID19 pandemic: An integrative review},
 volume = {29},
 year = {2021}
}


@Article{Pataka2022SleepDA,
 author = {A. Pataka and S. Kotoulas and A. Tzinas and Nectaria Kasnaki and E. Sourla and E. Chatzopoulos and I. Grigoriou and P. Argyropoulou},
 booktitle = {Healthcare},
 journal = {Healthcare},
 title = {Sleep Disorders and Mental Stress of Healthcare Workers during the Two First Waves of COVID-19 Pandemic: Separate Analysis for Primary Care},
 volume = {10},
 year = {2022}
}


@Article{Wang2021COVID19RA,
 author = {Jingzhou Wang and Christopher Kaperak and Toshiro Sato and A. Sakuraba},
 booktitle = {Journal of Investigative Medicine},
 journal = {Journal of Investigative Medicine},
 pages = {1253 - 1255},
 title = {COVID-19 reinfection: a rapid systematic review of case reports and case series},
 volume = {69},
 year = {2021}
}


@Article{Huang2020GeneralizedAD,
 author = {Yeen Huang and N. Zhao},
 booktitle = {Psychiatry Research},
 journal = {Psychiatry Research},
 pages = {112954 - 112954},
 title = {Generalized anxiety disorder, depressive symptoms and sleep quality during COVID-19 outbreak in China: a web-based cross-sectional survey},
 volume = {288},
 year = {2020}
}


@Article{Filbin2021LongitudinalPA,
 author = {M. Filbin and Arnav Mehta and Alexis M. Schneider and Kyle R. Kays and Jamey Guess and M. Gentili and Bank G. Fenyves and Nicole C. Charland and Anna L. K. Gonye and Irena Gushterova and Hargun K. Khanna and Thomas J. LaSalle and Kendall M. Lavin-Parsons and B. M. Lilley and Carl L. Lodenstein and Kasidet Manakongtreecheep and J. Margolin and Brenna N. Mckaig and Maricarmen Rojas-Lopez and Brian C. Russo and Nihaarika Sharma and J. Tantivit and M. Thomas and R. Gerszten and Graham S. Heimberg and P. Hoover and David J. Lieb and B. Lin and D. Ngo and K. Pelka and Miguel Reyes and C. Smillie and Avinash Waghray and Thomas E. Wood and Amanda S. Zajac and L. Jennings and I. Grundberg and R. Bhattacharyya and B. Parry and A. Villani and Moshe Sade-Feldman and N. Hacohen and M. Goldberg},
 booktitle = {Cell Reports Medicine},
 journal = {Cell Reports Medicine},
 title = {Longitudinal proteomic analysis of severe COVID-19 reveals survival-associated signatures, tissue-specific cell death, and cell-cell interactions},
 volume = {2},
 year = {2021}
}


@Article{Ren2022ReinfectionIP,
 author = {Xiang Ren and Jie Zhou and J. Guo and Chunmei Hao and Mengxue Zheng and Rong Zhang and Qiao Huang and Xiaomei Yao and Ruiling Li and Yinghui Jin},
 booktitle = {Global Health Research and Policy},
 journal = {Global Health Research and Policy},
 title = {Reinfection in patients with COVID-19: a systematic review},
 volume = {7},
 year = {2022}
}


@Article{Pulliam2022IncreasedRO,
 author = {J. Pulliam and C. van Schalkwyk and N. Govender and A. von Gottberg and C. Cohen and M. Groome and J. Dushoff and K. Mlisana and H. Moultrie},
 booktitle = {Science},
 journal = {Science (New York, N.y.)},
 title = {Increased risk of SARS-CoV-2 reinfection associated with emergence of Omicron in South Africa},
 year = {2022}
}


@Article{Johansson2021SARSCoV2TF,
 author = {M. Johansson and Talia M. Quandelacy and S. Kada and Pragati V Prasad and M. Steele and J. Brooks and R. Slayton and M. Biggerstaff and J. Butler},
 booktitle = {JAMA Network Open},
 journal = {JAMA Network Open},
 title = {SARS-CoV-2 Transmission From People Without COVID-19 Symptoms},
 volume = {4},
 year = {2021}
}


@Article{Mensah2022DiseaseSD,
 author = {A. Mensah and J. Lacy and J. Stowe and Giulia Seghezzo and R. Sachdeva and R. Simmons and A. Bukasa and S. OBoyle and N. Andrews and M. Ramsay and H. Campbell and K. Brown},
 booktitle = {Journal of Infection},
 journal = {The Journal of Infection},
 pages = {542 - 550},
 title = {Disease severity during SARS-COV-2 reinfection: a nationwide study},
 volume = {84},
 year = {2022}
}


@Article{Tavakoli2023COVID19RR,
 author = {Ali Tavakoli and F. Lotfi and Mehrzad Lotfi and Mohsen Bayati and M. Seif and M. Salesi and Mehrnoosh Emadi and K. Keshavarz and Sajad Delavari},
 booktitle = {Iranian Journal of Medical Sciences},
 journal = {Iranian Journal of Medical Sciences},
 pages = {302 - 312},
 title = {COVID-19 Reinfection Rate and Related Risk Factors in Fars Province, Iran: A Retrospective Cohort Study},
 volume = {48},
 year = {2023}
}


@Article{Santos2021RecurrentCI,
 author = {Letcia Adrielle dos Santos and P. Filho and Ana Maria Fantini Silva and Joo Vasco Santos and D. Santos and M. Aquino and Rafaela Mota de Jesus and M. L. Almeida and J. S. da Silva and D. Altmann and R. Boyton and Cliomar Alves dos Santos and C. N. O. Santos and J. Alves and Ianaline Lima Santos and L. Magalhes and E. Belitardo and Danilo J P G Rocha and J. Almeida and L. G. Pacheco and E. Aguiar and G. Campos and S. Sardi and Rejane H. Carvalho and A. D. de Jesus and K. Rezende and R. P. de Almeida},
 booktitle = {Journal of Infection},
 journal = {The Journal of Infection},
 pages = {399 - 406},
 title = {Recurrent COVID-19 including evidence of reinfection and enhanced severity in thirty Brazilian healthcare workers},
 volume = {82},
 year = {2021}
}


@Article{Slezak2021RateAS,
 author = {J. Slezak and K. Bruxvoort and Heidi Fischer and Benjamin I Broder and B. Ackerson and S. Tartof},
 booktitle = {Clinical Microbiology and Infection},
 journal = {Clinical Microbiology and Infection},
 pages = {1860.e7 - 1860.e10},
 title = {Rate and severity of suspected SARS-Cov-2 reinfection in a cohort of PCR-positive COVID-19 patients},
 volume = {27},
 year = {2021}
}


@Article{Aslaner2022COVID19RA,
 author = {Humeyra Aslaner and H. Aslaner and Yasemin Savranlar and A. Benli},
 booktitle = {Ahi evran medical journal},
 journal = {Ahi Evran Medical Journal},
 title = {COVID-19 Relapse and Reinfection Frequency, Clinical Features of Cases},
 year = {2022}
}


@Article{Bowe2022AcuteAP,
 author = {Benjamin Bowe and Yan Xie and Z. AlAly},
 booktitle = {Nature Network Boston},
 journal = {Nature Medicine},
 pages = {2398 - 2405},
 title = {Acute and postacute sequelae associated with SARS-CoV-2 reinfection},
 volume = {28},
 year = {2022}
}


@Inproceedings{kik2021SociodemographicAC,
 author = {H. kik and Y. a and M. Sezerol and Aral Surmeli and Y. Ta and . ahin and I. Maral},
 title = {Sociodemographic and Clinical Features of COVID-19 Reinfection Cases Among Healthcare Workers in Turkey},
 year = {2021}
}
