@Article{Azkur2020ImmuneRT,
 author = {A. K. Azkur and M. Akdi and D. Azkur and M. Sokolowska and W. van de Veen and M. Brggen and L. OMahony and Yadong Gao and K. Nadeau and C. Akdis},
 booktitle = {Allergy. European Journal of Allergy and Clinical Immunology},
 journal = {Allergy},
 pages = {1564 - 1581},
 title = {Immune response to SARSCoV2 and mechanisms of immunopathological changes in COVID19},
 volume = {75},
 year = {2020}
}


@Article{Braud2022ImpactOV,
 author = {G. Braud and L. Bouetard and R. ivljak and J. Michon and N. Tulek and S. Lejeune and Romain Millot and Aurlie Garchet-Beaudron and M. Lefebvre and P. Velikov and Benjamin Festou and S. Abgrall and I. Lizatovi and A. Baldolli and Hseyin Esmer and S. Blanchi and Gabrielle Froidevaux and N. Kapincheva and J. Faucher and Mario Duvnjak and Elin Afar and Luka vitek and Saliha Yarimoglu and Rafet Yarmoglu and C. Janssen and O. Epaulard},
 booktitle = {Clinical Microbiology and Infection},
 journal = {Clinical Microbiology and Infection},
 pages = {642 - 650},
 title = {Impact of vaccination on the presence and severity of symptoms in hospitalized patients with an infection of the Omicron variant (B.1.1.529) of the SARS-CoV-2 (subvariant BA.1)},
 volume = {29},
 year = {2022}
}


@Article{Memish2014ScreeningFM,
 author = {Z. Memish and J. Al-Tawfiq and H. Makhdoom and A. Al-Rabeeah and A. Assiri and R. Alhakeem and F. Alrabiah and S. Al Hajjar and A. Albarrak and H. Flemban and H. Balkhy and M. Barry and S. Alhassan and S. Alsubaie and Alimuddin Zumla},
 booktitle = {Clinical Microbiology and Infection},
 journal = {Clinical Microbiology and Infection},
 pages = {469 - 474},
 title = {Screening for Middle East respiratory syndrome coronavirus infection in hospital patients and their healthcare worker and family contacts: a prospective descriptive study},
 volume = {20},
 year = {2014}
}


@Article{Regina2020EpidemiologyRF,
 author = {J. Regina and M. Papadimitriou-Olivgeris and R. Burger and Marie-Annick Le Pogam and Tapio Niemi and P. Filippidis and J. Tschopp and F. Desgranges and B. Viala and E. Kampouri and L. Rochat and D. Haefliger and Mehdi Belkoniene and C. Fidalgo and A. Kritikos and K. Jaton and L. Senn and P. Bart and J. Pagani and O. Manuel and Loc Lhopitallier},
 booktitle = {medRxiv},
 journal = {PLoS ONE},
 title = {Epidemiology, risk factors and clinical course of SARS-CoV-2 infected patients in a Swiss university hospital: An observational retrospective study},
 volume = {15},
 year = {2020}
}


@Article{Vishnoi2023SeverityAO,
 author = {Jagdish Vishnoi and Rajendra Kumar Sharma and Japan Patel and Jagdish Chandra Sharma and K. Sharma and Urvansh Mehta},
 booktitle = {Journal of Medicine and Life},
 journal = {Journal of Medicine and Life},
 pages = {782 - 793},
 title = {Severity and Outcome of Post-Vaccine COVID-19 among Healthcare Workers in a University Hospital in India},
 volume = {16},
 year = {2023}
}


@Article{Schwarz2017AnalysisOM,
 author = {E. Schwarz and J. Maukonen and Tiina Hyytiinen and T. Kiesepp and M. Oreic and S. Sabunciyan and O. Mantere and M. Saarela and R. Yolken and J. Suvisaari},
 booktitle = {Schizophrenia Research},
 journal = {Schizophrenia Research},
 pages = {398-403},
 title = {Analysis of microbiota in first episode psychosis identifies preliminary associations with symptom severity and treatment response},
 volume = {192},
 year = {2017}
}


@Article{Zhang2022RiskAP,
 author = {Jin-Jin Zhang and Xiang Dong and Guangzhi. Liu and Yadong Gao},
 booktitle = {Clinical reviews in allergy and immunology},
 journal = {Clinical Reviews in Allergy \& Immunology},
 pages = {90 - 107},
 title = {Risk and Protective Factors for COVID-19 Morbidity, Severity, and Mortality},
 volume = {64},
 year = {2022}
}


@Article{GmezOchoa2020COVID19IH,
 author = {S. GmezOchoa and O. Franco and L. Z. Rojas and P. Raguindin and Zayne M. Roa-Diaz and B. M. Wyssmann and Sandra Lucrecia Romero Guevara and L. E. Echeverra and M. Glisic and T. Muka},
 booktitle = {American Journal of Epidemiology},
 journal = {American Journal of Epidemiology},
 title = {COVID-19 in Healthcare Workers: A Living Systematic Review and Meta-analysis of Prevalence, Risk Factors, Clinical Characteristics, and Outcomes},
 year = {2020}
}


@Article{Huang2020ASR,
 author = {A. Huang and Bernardo Garca-Carreras and M. Hitchings and Bingyi Yang and L. Katzelnick and S. Rattigan and Brooke A. Borgert and Carlos A Moreno and B. Solomon and I. Rodrguez-Barraquer and J. Lessler and H. Salje and D. Burke and A. Wesolowski and D. Cummings},
 booktitle = {medRxiv},
 journal = {medRxiv},
 title = {A systematic review of antibody mediated immunity to coronaviruses: antibody kinetics, correlates of protection, and association of antibody responses with severity of disease},
 year = {2020}
}


@Article{Nguyen2020RiskOC,
 author = {L. Nguyen and David A. Drew and A. Joshi and Chuan-Guo Guo and Wenjie Ma and Raaj S. Mehta and Daniel R. Sikavi and Chun-Han Lo and Sohee Kwon and M. Song and L. Mucci and M. Stampfer and W. Willett and A. Eliassen and J. Hart and J. Chavarro and J. Rich-Edwards and R. Davies and J. Capdevila and KarlaA Lee and M. N. Lochlainn and Thomas Varsavsky and M. Graham and C. Sudre and M. Cardoso and J. Wolf and S. Ourselin and C. Steves and T. Spector and A. Chan},
 booktitle = {medRxiv},
 journal = {medRxiv},
 title = {Risk of COVID-19 among frontline healthcare workers and the general community: a prospective cohort study},
 year = {2020}
}


@Article{Munywoki2014InfluenceOA,
 author = {P. Munywoki and D. Koech and C. Agoti and N. Kibirige and J. Kipkoech and P. Cane and G. Medley and D. Nokes},
 booktitle = {Epidemiology and Infection},
 journal = {Epidemiology and Infection},
 pages = {804 - 812},
 title = {Influence of age, severity of infection, and co-infection on the duration of respiratory syncytial virus (RSV) shedding},
 volume = {143},
 year = {2014}
}


@Article{Tsanas2011NonlinearSA,
 author = {A. Tsanas and Max A. Little and P. McSharry and L. Ramig},
 booktitle = {Journal of the Royal Society Interface},
 journal = {Journal of The Royal Society Interface},
 pages = {842 - 855},
 title = {Nonlinear speech analysis algorithms mapped to a standard metric achieve clinically useful quantification of average Parkinson's disease symptom severity},
 volume = {8},
 year = {2011}
}


@Article{Ali2020RiskAO,
 author = {Saqib Ali and S. Noreen and I. Farooq and A. Bugshan and Fahim Vohra},
 booktitle = {Pakistan Journal of Medical Sciences},
 journal = {Pakistan Journal of Medical Sciences},
 pages = {S99 - S103},
 title = {Risk Assessment of Healthcare Workers at the Frontline against COVID-19},
 volume = {36},
 year = {2020}
}
