@article{Guo2008PDB59,
author = {JD Guo and MM Root and G Hu},
number = {3},
journal = {Value in Health},
title = {PDB59 IMPACT OF DOCTORS' INSTRUCTIONS ON LIFESTYLE BEHAVIORS AMONG DIABETES POPULATION IN USA},
volume = {11},
year = {2008}}


@article{Dunlop2014How,
author = {D. Dunlop},
number = {},
journal = {Osteoarthritis and Cartilage},
title = {How lifestyle factors influence the development and progression of OA},
volume = {22},
year = {2014}}


@article{Whiting2022Variations,
author = {Riley Whiting and Suzanne Bartle-Haring},
number = {},
journal = {SSM - Population Health},
title = {Variations in the association between education and self-reported health by race/ethnicity and structural racism},
volume = {19},
year = {2022}}


@article{Shiue2015Age,
author = {I. Shiue},
number = {3},
journal = {Public Health},
title = {Age, sex and marital status are associated with self-reported liver condition in adults: national surveys in the UK and USA, 2009-2010},
volume = {129},
year = {2015}}


@article{Dickerson2010Associations,
author = {Justin B. Dickerson and Matthew L. Smith and SangNam Ahn and Marcia G. Ory},
number = {2},
journal = {Journal of Community Health},
title = {Associations Between Health Care Factors and Self-Reported Health Status Among Individuals with Diabetes: Results from a Community Assessment},
volume = {36},
year = {2010}}


@article{Sebekova2017Vitamin,
author = {K. Sebekova and Z. Krivosikova and M. Gajdos and L Podracka},
number = {12},
journal = {Bratislava Medical Journal},
title = {Vitamin D status in apparently healthy medication-free Slovaks: Association to blood pressure, body mass index, self-reported smoking status and physical activity},
volume = {117},
year = {2017}}


@article{Grandy2008EQ-5D,
author = {Susan Grandy and Kathleen M Fox},
number = {1},
journal = {Health and Quality of Life Outcomes},
title = {EQ-5D visual analog scale and utility index values in individuals with diabetes and at risk for diabetes: Findings from the Study to Help Improve Early evaluation and management of risk factors Leading to Diabetes (SHIELD)},
volume = {6},
year = {2008}}


@article{Gorber2009The,
author = {Sarah Connor Gorber and Sean Schofield-Hurwitz and Jill Hardt and Genevieve Levasseur and Mark Tremblay},
number = {1},
journal = {Nicotine \&amp; Tobacco Research},
title = {The accuracy of self-reported smoking: A systematic review of the relationship between self-reported and cotinine-assessed smoking status},
volume = {11},
year = {2009}}


@article{Qin2019Exploring,
author = {Weidi Qin and Julia E. Blanchette and Carolyn Murrock},
number = {1},
journal = {The Diabetes Educator},
title = {Exploring the Relationship Between Lifestyle Behaviors and Health-Related Quality of Life Among Older Adults With Diabetes},
volume = {45},
year = {2019}}


@article{Rondhianto2023Foot,
author = { Rondhianto and Nur Widayati and Sinta Qur'aini},
number = {2},
journal = {Nursing and Health Sciences Journal (NHSJ)},
title = {Foot Care Behavior Among People With Type 2 Diabetes Mellitus: Overview and Sociodemographic Factors Impact},
volume = {3},
year = {2023}}


@article{Soares2018Association,
author = {MO Soares and NSX Oenning and PK Ziegelmann and BNG Goulart},
number = {1},
journal = {Archives of Public Health},
title = {Association between self-reported hearing impairment and diabetes: a Brazilian population-based study},
volume = {76},
year = {2018}}


@article{Kim2018Association,
author = {Ji Hye Kim and Byung Jin Kim and Jung Gyu Kang and Bum Soo Kim and Jin Ho Kang},
number = {3},
journal = {Journal of Diabetes},
title = {Association between cigarette smoking and diabetes mellitus using two different smoking stratifications in 145 040 Korean individuals: Self-reported questionnaire and urine cotinine concentrations},
volume = {11},
year = {2018}}


@article{Jack2005Beyond,
author = {Leonard Jack},
number = {4},
journal = {Journal of Public Health Management and Practice},
title = {Beyond Lifestyle Interventions in Diabetes},
volume = {11},
year = {2005}}


@article{Halliday2016Earnings,
author = {Timothy J. Halliday},
number = {4},
journal = {Review of Income and Wealth},
title = {Earnings Growth and Movements in Self-Reported Health},
volume = {63},
year = {2016}}


@article{Meitei2019Transition,
author = {Wahengbam Bigyananda Meitei and Laishram Ladusingh},
number = {08},
journal = {Health},
title = {Transition Specific Risk Factors Affecting the Lifestyle Disease Progression from Diabetes to Hypertension in India},
volume = {11},
year = {2019}}


@article{Sato2012Work-related,
author = {Miho Sato and Yoshihiko Yamazaki},
number = {4},
journal = {Nursing \&amp; Health Sciences},
title = {Work-related factors associated with self-care and psychological health among people with type 2 diabetes in Japan},
volume = {14},
year = {2012}}


@inbook{Wilson2017Motivational,
author = {Ian Wilson},
editor = {},
number = {},
publisher = {SAGE Publications Ltd},
title = {Motivational Interviewing for Positive Lifestyle Choices},
volume = {},
year = {2017}}
