@Article{Zhu2019RacialEthnicDI,
 author = {Yeyi Zhu and M. Sidell and D. Arterburn and M. Daley and J. Desai and S. Fitzpatrick and M. Horberg and C. Koebnick and Emily V. McCormick and C. Oshiro and D. Young and A. Ferrara},
 booktitle = {Diabetes Care},
 journal = {Diabetes Care},
 pages = {2211 - 2219},
 title = {Racial/Ethnic Disparities in the Prevalence of Diabetes and Prediabetes by BMI: Patient Outcomes Research To Advance Learning (PORTAL) Multisite Cohort of Adults in the U.S.},
 volume = {42},
 year = {2019}
}


@Article{Uloko2018PrevalenceAR,
 author = {A. Uloko and B. Musa and M. Ramalan and I. Gezawa and F. Puepet and A. Uloko and M. Borodo and K. Sada},
 booktitle = {Diabetes Therapy},
 journal = {Diabetes Therapy},
 pages = {1307 - 1316},
 title = {Prevalence and Risk Factors for Diabetes Mellitus in Nigeria: A Systematic Review and Meta-Analysis},
 volume = {9},
 year = {2018}
}


@Article{rnlv2010ImpactOB,
 author = {J. rnlv and J. Sundstrm and E. Ingelsson and L. Lind},
 booktitle = {Diabetes Care},
 journal = {Diabetes Care},
 pages = {61 - 65},
 title = {Impact of BMI and the Metabolic Syndrome on the Risk of Diabetes in Middle-Aged Men},
 volume = {34},
 year = {2010}
}


@Article{Mokdad2001TheCE,
 author = {A. Mokdad and B. Bowman and E. Ford and F. Vinicor and J. Marks and J. Koplan},
 booktitle = {Journal of the American Medical Association (JAMA)},
 journal = {JAMA},
 pages = {
          1195-200
        },
 title = {The continuing epidemics of obesity and diabetes in the United States.},
 volume = {286 10},
 year = {2001}
}


@Article{Rho2014IndependentIO,
 author = {Y. Rho and N. Lu and C. Peloquin and Ada Man and Yanyan Zhu and Yuqing Zhang and Hyon K. Choi},
 booktitle = {Annals of the Rheumatic Diseases},
 journal = {Annals of the Rheumatic Diseases},
 pages = {91 - 95},
 title = {Independent impact of gout on the risk of diabetes mellitus among women and men: a population-based, BMI-matched cohort study},
 volume = {75},
 year = {2014}
}


@Article{Mongraw-Chaffin2015TheSA,
 author = {Morgana Mongraw-Chaffin and S. Peters and R. Huxley and M. Woodward},
 booktitle = {The Lancet Diabetes and Endocrinology},
 journal = {The lancet. Diabetes \& endocrinology},
 pages = {
          437-449
        },
 title = {The sex-specific association between BMI and coronary heart disease: a systematic review and meta-analysis of 95 cohorts with 12 million participants.},
 volume = {3 6},
 year = {2015}
}


@Article{Read2021BMIAR,
 author = {S. Read and L. Rosella and H. Berger and D. Feig and K. Fleming and J. Ray and B. Shah and L. Lipscombe},
 booktitle = {Diabetologia},
 journal = {Diabetologia},
 pages = {805 - 813},
 title = {BMI and risk of gestational diabetes among women of South Asian and Chinese ethnicity: a population-based study},
 volume = {64},
 year = {2021}
}


@Article{Deberneh2021PredictionOT,
 author = {Henock M. Deberneh and Intaek Kim},
 booktitle = {International Journal of Environmental Research and Public Health},
 journal = {International Journal of Environmental Research and Public Health},
 title = {Prediction of Type 2 Diabetes Based on Machine Learning Algorithm},
 volume = {18},
 year = {2021}
}
