@Article{Tella2020MentalHO,
 author = {M. Di Tella and A. Romeo and Agata Benfante and L. Castelli},
 booktitle = {Journal of Evaluation In Clinical Practice},
 journal = {Journal of evaluation in clinical practice},
 title = {Mental health of healthcare workers during the COVID-19 pandemic in Italy.},
 year = {2020}
}


@Article{Goldberg2022ProtectionAW,
 author = {Y. Goldberg and Michael I. Mandel and Y. Bar-On and O. Bodenheimer and L. Freedman and N. Ash and S. alroy-Preis and A. Huppert and Ron Milo},
 booktitle = {New England Journal of Medicine},
 journal = {The New England Journal of Medicine},
 title = {Protection and Waning of Natural and Hybrid Immunity to SARS-CoV-2},
 year = {2022}
}


@Article{Suryawanshi2022LimitedCI,
 author = {R. Suryawanshi and I. Chen and Tongcui Ma and A. Syed and N. Brazer and P. Saldhi and C. Simoneau and A. Ciling and M. Khalid and B. Sreekumar and P. Chen and G. R. Kumar and M. Montao and Ronne Gascon and C. Tsou and M. Garcia-Knight and A. Sotomayor-Gonzlez and V. Servellita and A. Gliwa and Jenny Nguyen and I. Silva and B. Milbes and N. Kojima and V. Hess and M. Shacreaw and L. Lopez and M. Brobeck and F. Turner and F. Soveg and A. George and Xiaohui Fang and M. Maishan and Michael Matthay and M. Morris and D. Wadford and C. Hanson and W. Greene and R. Andino and L. Spraggon and N. Roan and C. Chiu and J. Doudna and M. Ott},
 booktitle = {Nature},
 journal = {Nature},
 pages = {351 - 355},
 title = {Limited cross-variant immunity from SARS-CoV-2 Omicron without vaccination},
 volume = {607},
 year = {2022}
}


@Article{Harvey2021SARSCoV2VS,
 author = {William T. Harvey and A. Carabelli and B. Jackson and Ravindra K. Gupta and E. Thomson and E. Harrison and C. Ludden and R. Reeve and A. Rambaut and S. Peacock and D. Robertson},
 booktitle = {Nature Reviews Microbiology},
 journal = {Nature Reviews. Microbiology},
 pages = {409 - 424},
 title = {SARS-CoV-2 variants, spike mutations and immune escape},
 volume = {19},
 year = {2021}
}


@Article{Cromer2021NeutralisingAT,
 author = {D. Cromer and M. Steain and A. Reynaldi and T. Schlub and A. Wheatley and J. Juno and S. Kent and J. Triccas and D. Khoury and M. Davenport},
 booktitle = {The Lancet Microbe},
 journal = {The Lancet. Microbe},
 pages = {e52 - e61},
 title = {Neutralising antibody titres as predictors of protection against SARS-CoV-2 variants and the impact of boosting: a meta-analysis},
 volume = {3},
 year = {2021}
}


@Article{Ruan2020ClinicalPO,
 author = {Qiurong Ruan and Kun Yang and Wenxia Wang and Lingyu Jiang and Jianxin Song},
 booktitle = {Intensive Care Medicine},
 journal = {Intensive Care Medicine},
 pages = {846 - 848},
 title = {Clinical predictors of mortality due to COVID-19 based on an analysis of data of 150 patients from Wuhan, China},
 volume = {46},
 year = {2020}
}


@Article{Garca-Beltrn2021MultipleSV,
 author = {W. Garca-Beltrn and E. Lam and K. S. Denis and Adam Nitido and Zeidy H. Garcia and B. Hauser and J. Feldman and Maia N Pavlovic and D. Gregory and M. Poznansky and A. Sigal and A. Schmidt and A. Iafrate and V. Naranbhai and A. Balazs},
 booktitle = {Cell},
 journal = {medRxiv},
 title = {Multiple SARS-CoV-2 variants escape neutralization by vaccine-induced humoral immunity},
 year = {2021}
}


@Inproceedings{Pulliam2021IncreasedRO,
 author = {J. Pulliam and C. V. Schalkwyk and N. Govender and Anne von and Gottberg and C. Cohen and M. Groome and J. Dushoff and Koleka and Mlisana and H. Moultrie},
 title = {Increased risk of SARS-CoV-2 reinfection associated with emergence of the Omicron variant in South Africa 2021-12-01},
 year = {2021}
}


@Article{Fernandes2022EmergingCV,
 author = {Q. Fernandes and V. Inchakalody and M. Merhi and S. Mestiri and Nassiba Taib and Dina Moustafa Abo El-Ella and Takwa Bedhiafi and A. Raza and L. Al-Zaidan and Mona O. Mohsen and Mariam Ali Yousuf Al-Nesf and A. A. Hssain and H. Yassine and Martin F. Bachmann and S. Uddin and S. Dermime},
 booktitle = {Annals medicus},
 journal = {Annals of Medicine},
 pages = {524 - 540},
 title = {Emerging COVID-19 variants and their impact on SARS-CoV-2 diagnosis, therapeutics and vaccines},
 volume = {54},
 year = {2022}
}


@Article{Choi2021SARSCoV2VO,
 author = {J. Choi and Davey M Smith},
 booktitle = {Yonsei medical journal},
 journal = {Yonsei Medical Journal},
 pages = {961 - 968},
 title = {SARS-CoV-2 Variants of Concern},
 volume = {62},
 year = {2021}
}


@Article{Levin2021WaningIH,
 author = {Einav G. Levin and Y. Lustig and C. Cohen and R. Fluss and V. Indenbaum and S. Amit and R. Doolman and K. Asraf and E. Mendelson and A. Ziv and Carmit Rubin and L. Freedman and Y. Kreiss and G. Regev-Yochay},
 booktitle = {New England Journal of Medicine},
 journal = {The New England Journal of Medicine},
 title = {Waning Immune Humoral Response to BNT162b2 Covid-19 Vaccine over 6 Months},
 year = {2021}
}


@Article{Dan2021ImmunologicalMT,
 author = {J. Dan and J. Mateus and Y. Kato and K. Hastie and E. Yu and Caterina E. Faliti and A. Grifoni and S. Ramirez and Sonya Haupt and A. Frazier and Catherine Nakao and V. Rayaprolu and Stephen A. Rawlings and Bjoern Peters and F. Krammer and V. Simon and E. Saphire and Davey M. Smith and D. Weiskopf and A. Sette and S. Crotty},
 booktitle = {Science},
 journal = {Science (New York, N.y.)},
 title = {Immunological memory to SARS-CoV-2 assessed for up to 8 months after infection},
 year = {2021}
}


@Article{Antonelli2021RiskFA,
 author = {M. Antonelli and R. Penfold and J. Merino and C. Sudre and E. Molteni and S. Berry and L. Canas and M. Graham and K. Klaser and M. Modat and B. Murray and E. Kerfoot and Liyuan Chen and Jie Deng and M. F. sterdahl and N. Cheetham and David A. Drew and L. Nguyen and J. C. Pujol and Christina Hu and S. Selvachandran and L. Polidori and A. May and J. Wolf and A. Chan and A. Hammers and E. Duncan and T. Spector and S. Ourselin and C. Steves},
 booktitle = {Lancet. Infectious Diseases (Print)},
 journal = {The Lancet. Infectious Diseases},
 pages = {43 - 55},
 title = {Risk factors and disease profile of post-vaccination SARS-CoV-2 infection in UK users of the COVID Symptom Study app: a prospective, community-based, nested, case-control study},
 volume = {22},
 year = {2021}
}


@Article{Flury2022RiskAS,
 author = {Baharak Babouee Flury and S. Gsewell and T. Egger and Onicio Leal and A. Brucher and E. Lemmenmeier and D. Meier Kleeb and J. C. Mller and P. Rieder and Markus Rtti and H. Schmid and R. Stocker and D. Vuichard-Gysin and B. Wiggli and U. Besold and A. McGeer and L. Risch and A. Friedl and M. Schlegel and S. Kuster and C. Kahlert and P. Kohler},
 booktitle = {PLoS Medicine},
 journal = {PLOS Medicine},
 title = {Risk and symptoms of COVID-19 in health professionals according to baseline immune status and booster vaccination during the Delta and Omicron waves in SwitzerlandA multicentre cohort study},
 volume = {19},
 year = {2022}
}


@Article{Chi2022COVID19VU,
 author = {Wei-Yu Chi and Yen-Der Li and Hsin-Che Huang and Timothy En Haw Chan and S. Chow and Jun-Han Su and Louise Ferrall and C. Hung and T. Wu},
 booktitle = {Journal of Biomedical Sciences},
 journal = {Journal of Biomedical Science},
 title = {COVID-19 vaccine update: vaccine effectiveness, SARS-CoV-2 variants, boosters, adverse effects, and immune correlates of protection},
 volume = {29},
 year = {2022}
}


@Article{Degrace2022DefiningTR,
 author = {Marciela M Degrace and E. Ghedin and M. Frieman and F. Krammer and A. Grifoni and Arghavan Alisoltani and G. Alter and R. Amara and R. Baric and D. Barouch and J. Bloom and L. Bloyet and G. Bonenfant and A. Boon and E. Boritz and Debbie L Bratt and T. Bricker and Liliana Brown and W. Buchser and J. M. Carreo and L. Cohen-Lavi and T. Darling and Meredith E. Davis-Gardner and Bethany L. Dearlove and Han Di and Meike Dittmann and N. Doria-Rose and D. Douek and C. Drosten and V. Edara and A. Ellebedy and Thomas P. Fabrizio and G. Ferrari and William C. Florence and R. Fouchier and John Franks and A. Garca-Sastre and A. Godzik and A. Gonzalez-Reiche and A. Gordon and B. Haagmans and P. Halfmann and D. Ho and M. Holbrook and Yaoxing Huang and Sarah L James and L. Jaroszewski and T. Jeevan and Robert M. Johnson and T. Jones and Astha Joshi and Y. Kawaoka and L. Kercher and M. Koopmans and Bette T. Korber and Eilay Koren and R. Koup and Eric B LeGresley and J. Lemieux and Mariel J. Liebeskind and Zhuoming Liu and Brandi Livingston and James Logue and Yang Luo and A. McDermott and M. McElrath and Victoria A. Meliopoulos and Vineet D. Menachery and D. Montefiori and Barbara Mhlemann and V. Munster and J. Munt and M. Nair and A. Netzl and A. Niewiadomska and S. O'dell and A. Pekosz and S. Perlman and M. Pontelli and B. Rockx and M. Rolland and Paul W. Rothlauf and Sinai Sacharen and R. Scheuermann and S. Schmidt and M. Schotsaert and S. SchultzCherry and R. Seder and Mayya Sedova and A. Sette and Reed S Shabman and X. Shen and P. Shi and Maulik Shukla and V. Simon and S. Stumpf and N. Sullivan and Larissa B. Thackray and J. Theiler and P. Thomas and S. Trifkovic and Sina Treli and S. A. Turner and Marianna Vakaki and H. van Bakel and L. VanBlargan and Leah R. Vincent and Z. Wallace and Li Wang and Maple Wang and Pengfei Wang and Wei Wang and S. Weaver and R. Webby and C. Weiss and D. Wentworth and S. Weston and S. Whelan and Bradley M. Whitener and S. Wilks and Xuping Xie and B. Ying and Hyejin Yoon and Bin Zhou and T. Hertz and Derek J. Smith and M. Diamond and Diane J Post and M. Suthar},
 booktitle = {Nature},
 journal = {Nature},
 pages = {640 - 652},
 title = {Defining the risk of SARS-CoV-2 variants on immune protection},
 volume = {605},
 year = {2022}
}


@Article{Prez-Als2023PreviousIS,
 author = {L. Prez-Als and C. Hansen and J. J. Almagro Armenteros and J. R. Madsen and L. D. Heftdal and R. Hasselbalch and M. Pries-Heje and R. Bayarri-Olmos and Ida Jarlhelt and S. R. Hamm and D. L. Mller and E. Srensen and S. Ostrowski and R. Frikke-Schmidt and Linda Hilsted and H. Bundgaard and Susanne Dam Nielsen and K. Iversen and P. Garred},
 booktitle = {Nature Communications},
 journal = {Nature Communications},
 title = {Previous immunity shapes immune responses to SARS-CoV-2 booster vaccination and Omicron breakthrough infection risk},
 volume = {14},
 year = {2023}
}


@Article{Bates2022VaccinationBO,
 author = {T. Bates and Savannah K. McBride and H. Leier and Gaelen Guzman and Z. Lyski and Devin Schoen and Bradie Winders and Joon-Yong Lee and D. X. Lee and W. Messer and M. Curlin and F. Tafesse},
 booktitle = {Science immunology},
 journal = {Science Immunology},
 title = {Vaccination before or after SARS-CoV-2 infection leads to robust humoral response and antibodies that effectively neutralize variants},
 year = {2022}
}
